<record><leader>00000cas a22000007a 4500</leader><controlfield tag="001">12402253</controlfield><controlfield tag="008">850820d18291836pauwr ne      0    0eng d</controlfield><datafield ind1=" " ind2=" " tag="010"><subfield code="a">sn 85038447 </subfield></datafield><datafield ind1=" " ind2=" " tag="040"><subfield code="a">NPY</subfield><subfield code="b">eng</subfield><subfield code="c">NPY</subfield><subfield code="d">NPH</subfield><subfield code="d">NPX</subfield><subfield code="d">NPH</subfield><subfield code="d">OCLCQ</subfield></datafield><datafield ind1=" " ind2=" " tag="042"><subfield code="a">msc</subfield></datafield><datafield ind1="0" ind2=" " tag="130"><subfield code="a">Voice of the people (Warren, Pa.)</subfield></datafield><datafield ind1="1" ind2="4" tag="245"><subfield code="a">The voice of the people.</subfield></datafield><datafield ind1=" " ind2=" " tag="260"><subfield code="a">Warren, Pa. :</subfield><subfield code="b">Clemons &amp; Olney</subfield></datafield><datafield ind1=" " ind2=" " tag="300"><subfield code="a">v. ;</subfield><subfield code="c">50 cm.</subfield></datafield><datafield ind1=" " ind2=" " tag="310"><subfield code="a">Weekly</subfield></datafield><datafield ind1="1" ind2=" " tag="362"><subfield code="a">Began with Aug. 27, 1829 issue; ceased with Jan. 6, 1836 issue.</subfield><subfield code="z">Cf. Gregory, W. Amer. newspapers.</subfield></datafield><datafield ind1=" " ind2=" " tag="500"><subfield code="a">Publishers: Clemons &amp; Olney, &lt;1829&gt;; Thomas Clemons, &lt;1832&gt;; William A. Olney, &lt;1833&gt;.</subfield></datafield><datafield ind1=" " ind2=" " tag="500"><subfield code="a">"Democratic Republican," &lt;1832&gt;.</subfield></datafield><datafield ind1=" " ind2=" " tag="588"><subfield code="a">Description based on: Vol. 1, no. 2 (Aug. 27, 1829).</subfield></datafield><datafield ind1=" " ind2=" " tag="752"><subfield code="a">United States</subfield><subfield code="b">Pennsylvania</subfield><subfield code="c">Warren</subfield><subfield code="d">Warren.</subfield></datafield></record>